@article{liu2013bayesian,
  title={A Bayesian Classifier Learning Algorithm Based on Optimization Model},
  author={Liu, Sanyang and Zhu, Mingmin and Yang, Youlong},
  journal={Mathematical Problems in Engineering},
  volume={2013},
  year={2013},
  publisher={Hindawi Publishing Corporation}
}

@article{santoro2013tree,
  title={A tree counting algorithm for precision agriculture tasks},
  author={Santoro, Franco and Tarantino, Eufemia and Figorito, Benedetto and Gualano, Stefania and D'Onghia, Anna Maria},
  journal={International Journal of Digital Earth},
  volume={6},
  number={1},
  pages={94--102},
  year={2013},
  publisher={Taylor \& Francis}
}

@article{casadesus2012drip,
  title={A general algorithm for automated scheduling of drip irrigation in tree crops},
  author={Casades{\'u}s, Jaume and Mata, Merc{\`e} and Marsal, Jordi and Girona, Joan},
  journal={Computers and electronics in agriculture},
  volume={83},
  pages={11--20},
  year={2012},
  publisher={Elsevier}
}

@inbook{koller2009probabilistic,
  title={Probabilistic graphical models: principles and techniques},
  author={Koller, Daphne and Friedman, Nir},
  year={2009},
  publisher={MIT press}, 
  chapter = {3, The Bayesian Network Representation},
  pages = {45-102}
}

@article{brochu2010tutorial,
  title={A tutorial on Bayesian optimization of expensive cost functions, with application to active user modeling and hierarchical reinforcement learning},
  author={Brochu, Eric and Cora, Vlad M and De Freitas, Nando},
  journal={arXiv preprint arXiv:1012.2599},
  year={2010}
}