@article{cheng1996tutorial,
  title={A tutorial survey of job-shop scheduling problems using genetic algorithmsâ€”I. Representation},
  author={Cheng, Runwei and Gen, Mitsuo and Tsujimura, Yasuhiro},
  journal={Computers \& industrial engineering},
  volume={30},
  number={4},
  pages={983--997},
  year={1996},
  publisher={Elsevier}
}
@article{sun2015bayesian,
  title={A Bayesian Optimization-based Evolutionary Algorithm for Flexible Job Shop Scheduling},
  author={Sun, Lu and Lin, Lin and Wang, Yan and Gen, Mitsuo and Kawakami, Hiroshi},
  journal={Procedia Computer Science},
  volume={61},
  pages={521--526},
  year={2015},
  publisher={Elsevier}
}